@Book{bib1,
	title= "High Dynamic Range Imaging.",
	author="R. K. Mantiuk and K. Myszkowski and Hans-Peter Seidel.",
	publisher="Wiley Encyclopedia of Electrical and Electronics Engineering",
	year={2016}
}

@Book{bib2,
	title= "The high dynamic range imaging pipeline. Tone-mapping, ditribution, and single-exposure reconstruction.",
    author="Gabriel Eilertsen",
	publisher="Devision of Media and Information Technology. Department of Science and Technology",
	year={2018}
}

@Book{bib3,
	title= "Practical-HDR: A Simple and Effective Method for Merging High Dynamic Range Videos.",
	author= "E. Akcora and F. Banterle and M. Corsini and A. O. Akyuz and R. Scopingo",
	publisher="ACM press",
	year={2016}
}

@Book{bib4,
	title= "Fast, Robust Image Registration for Compositing High Dynamic Range Photographs from Handheld Exposure ",
	author= "Greg Ward",
	year={2012}
}

@Book{bib5,
	title= "Bitmap Movement Detection: HDR for Dynamic Scenes.",
	author="Fabrizio Pece and Jan Kautz",
	publisher="Conference on Visual Media Production(CVMP)",
	year={2010}
}

@Book{bib6,
	title= "A Pyramid Approach to Sub-Pixel Registration Based on Intensity",
	author= "Philippe Thevenaz and Urs E.Ruttimann and Michael Unser",
	publisher=" IEEE Transactions on Image Processing",
	year={1998}
}

@Book{bib7,
	title= "Exposure Fusion",
	author= "Tom Mertens and Jan Kautz and Frank Van Reeth",
	publisher="Pacific Graphics",
	year={2007}
}

@Book{bib8,
	title= "The Laplacian Pyramid as a Compact Image Code",
	author= "P. Burt and T.Adelson",
	publisher="IEEE Transactions on Communication",
	year={1983}
}
